@article{1390001204291807104,
author="Doi Hideyuki and Okamura Hiroshi",
title="Similarity indices, ordination, and community analysis tests using the software R",
journal="JAPANESE JOURNAL OF ECOLOGY",
ISSN="0021-5007",
publisher="The Ecological Society of Japan",
year="2011",
volume="61",
number="1",
pages="3-20",
DOI="10.18960/seitai.61.1_3",
URL="https://cir.nii.ac.jp/crid/1390001204291807104"
}