@article{Ohgaki2009,
author = {大垣, 俊一},
file = {:home/gnishihara/Documents/Mendeley Desktop/大垣/Argonauta/大垣 - 2009 - 開放度測定の地形法.pdf:pdf},
journal = {Argonauta},
pages = {25--38},
title = {開放度測定の地形法},
url = {http://wgs.mus-nh.city.osaka.jp/iso/argo/nl16/nl16-25-38.pdf},
volume = {16},
year = {2009}
}
@article{Burrows2008,
author = {Burrows, Michael T. and Harvey, Robin and Robb, Linda},
doi = {10.3354/meps07284},
issn = {01718630},
journal = {Marine Ecology Progress Series},
title = {{Wave exposure indices from digital coastlines and the prediction of rocky shore community structure}},
volume = {353},
year = {2008}
}
@article{Helmuth2003,
author = {Helmuth, Brian and Denny, Mark W.},
doi = {10.4319/lo.2003.48.3.1338},
issn = {00243590},
journal = {Limnology and Oceanography},
number = {3},
title = {{Predicting wave exposure in the rocky intertidal zone: Do bigger waves always lead to larger forces?}},
volume = {48},
year = {2003}
}
@article{Ekebom2003,
author = {Ekebom, Jan and Laihonen, Pasi and Suominen, Tapio},
doi = {10.1016/S0272-7714(02)00419-5},
issn = {02727714},
journal = {Estuarine, Coastal and Shelf Science},
number = {5-6},
title = {{A GIS-based step-wise procedure for assessing physical exposure in fragmented archipelagos}},
volume = {57},
year = {2003}
}
@article{Lindegarth2005,
author = {Lindegarth, Mats and Gamfeldt, Lars},
doi = {10.1890/04-1168},
issn = {00129658},
journal = {Ecology},
number = {5},
title = {{Comparing categorical and continuous ecological analyses: Effects of "wave exposure" on rocky shores}},
volume = {86},
year = {2005}
}
@article{Thomas1986,
author = {Thomas, Martin L.H.},
doi = {10.1080/00785326.1986.10429719},
issn = {00785326},
journal = {Ophelia},
number = {1},
title = {{A physically derived exposure index for marine shorelines}},
volume = {25},
year = {1986}
}
@article{Westerbom2006,
author = {Westerbom, Mats and Jattu, Sofia},
doi = {10.3354/meps306191},
issn = {01718630},
journal = {Marine Ecology Progress Series},
title = {{Effects of wave exposure on the sublittoral distribution of blue mussels Mytilus edulis in a heterogeneous archipelago}},
volume = {306},
year = {2006}
}
@article{Harborne2006,
author = {Harborne, Alastair R. and Mumby, Peter J. and Zychaluk, Kamila and Hedley, John D. and Blackwell, Paul G.},
doi = {10.1890/0012-9658(2006)87[2871:MTBDOC]2.0.CO;2},
issn = {00129658},
journal = {Ecology},
number = {11},
title = {{Modeling the beta diversity of coral reefs}},
volume = {87},
year = {2006}
}
